
@article{Peleska.2013,
  author = {Peleska, Jan},
  journal = {Electronic Proceedings in Theoretical Computer Science},
  keywords = {Informatik},
  pages = {3–28},
  title = {Industrial-Strength Model-Based Testing - State of the Art and Current Challenges},
  year = 2013
}

@INPROCEEDINGS{5381477, 
  author={M. Mussa and S. Ouchani and W. A. Sammane and A. Hamou-Lhadj}, 
  booktitle={2009 Ninth International Conference on Quality Software}, 
  title={A Survey of Model-Driven Testing Techniques}, 
  year={2009}, 
  volume={}, 
  number={}, 
  pages={167-172}, 
  keywords={program testing;software maintenance;software quality;software tools;model-driven testing techniques;modeling language;product quality;software development;software maintenance;system design artifacts;test case generation;tool support;Automatic testing;Programming;Software engineering;Software maintenance;Software quality;Software systems;Software testing;System testing;Time to market;Unified modeling language;Software testing;model-driven software engineering;software quality assurance;test case generation}, 
  doi={10.1109/QSIC.2009.30}, 
  ISSN={1550-6002}, 
  month={Aug}
}

@book{1200168,
  author = {Utting, Mark and Legeard, Bruno},
  title = {Practical Model-Based Testing: A Tools Approach},
  year = {2007},
  isbn = {0123725011, 9780080466484},
  publisher = {Morgan Kaufmann Publishers Inc.},
  address = {San Francisco, CA, USA}
} 

@MISC{Lau07,
  author = {Pekka Laukkanen and Pekka Laukkanen},
  title = {Data-Driven and Keyword-Driven Test Automation Frameworks},
  year = {2007}
}

@book{Fewster99,
  author = {Fewster, Mark and Graham, Dorothy},
  title = {Software Test Automation: Effective Use of Test Execution Tools},
  year = {1999},
  isbn = {0-201-33140-3},
  source = {ACM member price \$35.95, order no. 704991},
  publisher = {ACM Press/Addison-Wesley Publishing Co.},
  address = {New York, NY, USA}
} 

@Inbook{Baker2008,
  author="Baker, Paul
  and Dai, Zhen Ru
  and Grabowski, Jens
  and Haugen, {\O}ystein
  and Schieferdecker, Ina
  and Williams, Clay",
  title="Data-Driven Testing",
  bookTitle="Model-Driven Testing",
  year="2008",
  publisher="Springer Berlin Heidelberg",
  address="Berlin, Heidelberg",
  pages="87--95",
  isbn="978-3-540-72563-3",
  doi="10.1007/978-3-540-72563-3_7",
  url="https://doi.org/10.1007/978-3-540-72563-3_7"
}

@book{Mosley2002,
  author = {Mosley, Daniel J. and Posey, Bruce},
  title = {Just Enough Software Test Automation},
  year = {2002},
  isbn = {0130084689},
  publisher = {Prentice Hall PTR},
  address = {Upper Saddle River, NJ, USA},
}

@Inbook{Jääskeläinen2008,
  author="J{\"a}{\"a}skel{\"a}inen, Antti
    and Katara, Mika
    and Kervinen, Antti
    and Heiskanen, Henri
    and Maunumaa, Mika
    and P{\"a}{\"a}kk{\"o}nen, Tuula",
    editor="Suzuki, Kenji
    and Higashino, Teruo
    and Ulrich, Andreas
    and Hasegawa, Toru",
  title="Model-Based Testing Service on the Web",
  bookTitle="Testing of Software and Communicating Systems: 20th IFIP TC 6/WG 6.1 International Conference, TestCom 2008 8th International Workshop, FATES 2008 Tokyo, Japan, June 10-13, 2008 Proceedings",
  year="2008",
  publisher="Springer Berlin Heidelberg",
  address="Berlin, Heidelberg",
  pages="38--53",
  isbn="978-3-540-68524-1",
  doi="10.1007/978-3-540-68524-1_5",
  url="https://doi.org/10.1007/978-3-540-68524-1_5"
}

